% Encoding: windows-1252

@article{morris2014wireless,
	title={Wireless technology use and disability: Results from a national survey},
	author={Morris, John and Mueller, James and Jones, Michael L and Lippencott, Benjamin},
	year={2014},
	publisher={California State University, Northridge}
}

@BOOK{Moore2002,
  title = {Introduction to the Practice of Statistics},
  publisher = {W. H. Freeman},
  year = {2002},
  author = {Moore, David and McCabe, George},
  owner = {jbuy519},
  timestamp = {2014.01.28}
}

@BOOK{Smits2011,
  title = {Onderzoek met SPSS en Excel},
  publisher = {Pearson Education},
  year = {2011},
  author = {Smits, Johan and Edens, Ronald},
  owner = {jbuy519},
  timestamp = {2014.01.23}
}

@Article{diaz2014accessibility,
  author    = {Diaz-Bossini, Jos{\'e}-Manuel and Moreno, Lourdes},
  title     = {Accessibility to mobile interfaces for older people},
  journal   = {Procedia Computer Science},
  year      = {2014},
  volume    = {27},
  pages     = {57--66},
  publisher = {Elsevier},
}

@Online{Knacktoegankelijkheid2018,
  author = {Belga},
  title  = {Overheidswebsites moeten vanaf najaar 2020 toegankelijk zijn voor mensen met beperking},
  year   = {2018},
  date   = {2018-03-30},
  url    = {https://www.knack.be/nieuws/belgie/overheidswebsites-moeten-vanaf-najaar-2020-toegankelijk-zijn-voor-mensen-met-beperking/article-belga-984433.html},
}

@Comment{jabref-meta: databaseType:biblatex;}
